<record><leader>00000cas a22000007a 4500</leader><controlfield tag="001">37411050</controlfield><controlfield tag="008">970803d19451945akuuu ne      0    0eng d</controlfield><datafield ind1=" " ind2=" " tag="010"><subfield code="a">sn 97060013 </subfield></datafield><datafield ind1=" " ind2=" " tag="040"><subfield code="a">ANE</subfield><subfield code="b">eng</subfield><subfield code="c">ANE</subfield><subfield code="d">OCLCQ</subfield><subfield code="d">OCLCF</subfield><subfield code="d">OCLCO</subfield></datafield><datafield ind1="1" ind2=" " tag="029"><subfield code="a">AU@</subfield><subfield code="b">000013434732</subfield></datafield><datafield ind1=" " ind2=" " tag="042"><subfield code="a">msc</subfield></datafield><datafield ind1=" " ind2=" " tag="043"><subfield code="a">n-us-ak</subfield></datafield><datafield ind1="0" ind2="4" tag="245"><subfield code="a">The S.E. Alaska prattler.</subfield></datafield><datafield ind1="3" ind2="0" tag="246"><subfield code="a">Southeast Alaska prattler</subfield></datafield><datafield ind1="3" ind2="0" tag="246"><subfield code="a">Southeastern Alaska prattler</subfield></datafield><datafield ind1="1" ind2="7" tag="246"><subfield code="a">Alaska news</subfield></datafield><datafield ind1=" " ind2=" " tag="260"><subfield code="a">[Ketchikan, Alaska :</subfield><subfield code="b">s.n.]</subfield></datafield><datafield ind1=" " ind2=" " tag="300"><subfield code="a">v.</subfield></datafield><datafield ind1="1" ind2=" " tag="362"><subfield code="a">Began and ceased Apr. 26, 1945?</subfield></datafield><datafield ind1=" " ind2=" " tag="500"><subfield code="a">"Phony newspaper" [distributed in Juneau, Alaska by Ketchikan, Alaska delegates attending a Southeastern Alaska Business Men's Association conference held in Juneau, Alaska in Apr. 1945].</subfield></datafield><datafield ind1=" " ind2=" " tag="588"><subfield code="a">Description based on: Vol. 84, no. 96 (Apr. 26, [1945]).</subfield></datafield><datafield ind1=" " ind2="0" tag="651"><subfield code="a">Ketchikan (Alaska)</subfield><subfield code="v">Newspapers.</subfield></datafield><datafield ind1=" " ind2="7" tag="655"><subfield code="a">Newspapers.</subfield><subfield code="2">fast</subfield><subfield code="0">(OCoLC)fst01423814</subfield></datafield><datafield ind1=" " ind2="7" tag="651"><subfield code="a">Alaska</subfield><subfield code="z">Ketchikan.</subfield><subfield code="2">fast</subfield><subfield code="0">(OCoLC)fst01207651</subfield></datafield><datafield ind1=" " ind2=" " tag="752"><subfield code="a">United States</subfield><subfield code="b">Alaska</subfield><subfield code="d">Ketchikan.</subfield></datafield></record>